@misc{WhydoesR60:online,
author = {},
title = {Why does Rust compile a simple program 5-10 times slower than gcc/clang? - Stack Overflow},
howpublished = {\url{https://stackoverflow.com/questions/37362640/why-does-rust-compile-a-simple-program-5-10-times-slower-than-gcc-clang/37365065}},
month = {},
year = {},
note = {(Accessed on 02/21/2022)}
}
@inproceedings{Hu_2020, place={New York, NY, USA}, series={SIGGRAPH ’20}, title={The Taichi programming language}, ISBN={978-1-4503-7972-4}, url={https://doi.org/10.1145/3388769.3407493}, DOI={10.1145/3388769.3407493}, booktitle={ACM SIGGRAPH 2020 Courses}, publisher={Association for Computing Machinery}, author={Hu, Yuanming}, year={2020}, pages={1–50}, collection={SIGGRAPH ’20} }
@misc{Randomne57:online,
author = {},
title = {Randomness 101: LavaRand in Production},
howpublished = {\url{https://blog.cloudflare.com/randomness-101-lavarand-in-production/}},
month = {},
year = {},
note = {(Accessed on 02/21/2022)}
}
@misc{Undocume74:online,
author = {},
title = {Undocumented x86 instructions in Intel CPUs that can modify microcode | Hacker News},
howpublished = {\url{https://news.ycombinator.com/item?id=26519693}},
month = {},
year = {},
note = {(Accessed on 02/21/2022)}
}