 @book{man_ping_2013, place={Bei jing}, title={Suan fa Dao Lun}, publisher={Ji xie gong ye chu ban she}, author={man, Ke and ping, Yin jian}, year={2013}} 
 